@BOOK{udar,
composer = "Зарва, М. В.",
title = "Русское словесное ударение: Словарь",
address = "М.",
publisher = "НЦ ЭНАС",
year = 2001,
language = "russian"
}
@BOOK{orfo,
title = "Орфoэпичеcкий cлoварь руccкoгo языка",
address = "М.",
editor = "Р. И. Аванеcoва",
year = 1983,
language = "russian"
}
@BOOK{rosental,
author = "Розенталь, Д. Э. and Джанджакова, Е. В. and Кабанова, Н. П.",
title = "Справочник по правописанию, произношению, литературному редактированию",
address = "М.",
publisher = "ЧеРо",
year = 1999,
language = "russian"
}
@BOOK{literature-rosman,
editor = "проф. Горкина А.П.",
title = "Литература и язык. Современная иллюстрированная энциклопедия",
address = "М.",
publisher = "Росмэн",
year = 2006,
language = "russian"
}
%Да, Росмэн. Да, иллюстрированная. Но всё-таки редактора не с улицы взяли.